<?xml version="1.0" encoding="UTF-8"?><collection xmlns="http://www.loc.gov/MARC21/slim"><record><leader>00633nam--2200193-u-4500</leader><controlfield tag="001">000053375</controlfield><controlfield tag="002">20161230</controlfield><controlfield tag="005">20161230201051</controlfield><controlfield tag="008">110321s1000------------r-----000-0-eng-d</controlfield><datafield ind1=" " ind2=" " tag="020"><subfield code="a">9295003047</subfield></datafield><datafield ind1=" " ind2=" " tag="040"><subfield code="a">IFIN-HH</subfield></datafield><datafield ind1=" " ind2=" " tag="080"><subfield code="a">530.1</subfield></datafield><datafield ind1="1" ind2=" " tag="100"><subfield code="a">Chidume, C.E</subfield></datafield><datafield ind1="1" ind2="0" tag="245"><subfield code="a">Matematical problems in image processing</subfield><subfield code="b">School on mathematical problems in image processing, 4 - 22 september 2000</subfield><subfield code="c">C.e. chidume (ed.)</subfield></datafield><datafield ind1=" " ind2=" " tag="260"><subfield code="a">Trieste, Italy</subfield><subfield code="b">The Abdus Salam International Centre For Theoretical Physics</subfield><subfield code="c">2001</subfield></datafield><datafield ind1=" " ind2=" " tag="300"><subfield code="a">94P</subfield></datafield><datafield ind1=" " ind2=" " tag="490"><subfield code="a">Ictp Lecture Notes</subfield><subfield code="v">Vol. 2</subfield></datafield><datafield ind1=" " ind2=" " tag="852"><subfield code="a">81290</subfield><subfield code="c">530.1</subfield></datafield><datafield ind1=" " ind2=" " tag="CAT"><subfield code="a">Sys</subfield><subfield code="c">20110321</subfield><subfield code="h">160148</subfield></datafield></record></collection>